<?xml version="1.0" encoding="UTF-8"?><collection xmlns="http://www.loc.gov/MARC21/slim"><record><leader>00585nam--2200193-i-4500</leader><controlfield tag="001">000020320</controlfield><controlfield tag="002">20161230</controlfield><controlfield tag="005">20161230201033</controlfield><controlfield tag="008">060222s1000------------r-----000-0-eng-d</controlfield><datafield ind1=" " ind2=" " tag="020"><subfield code="a">9971950189</subfield></datafield><datafield ind1=" " ind2=" " tag="040"><subfield code="a">IFIN-HH</subfield></datafield><datafield ind1=" " ind2=" " tag="080"><subfield code="a">539.142(063)</subfield></datafield><datafield ind1="1" ind2=" " tag="100"><subfield code="a">Feng, D. H</subfield></datafield><datafield ind1="1" ind2="0" tag="245"><subfield code="a">Bosons in nuclei</subfield><subfield code="b">Proceedings of the workshop on bosons in nuclei drexel, usa 28-29 january 1983</subfield><subfield code="c">D.h. feng, s. pittel, m. vallieres (eds.)</subfield></datafield><datafield ind1=" " ind2=" " tag="260"><subfield code="a">Singapore</subfield><subfield code="b">World Scientific</subfield><subfield code="c">1984</subfield></datafield><datafield ind1=" " ind2=" " tag="300"><subfield code="a">238 P</subfield></datafield><datafield ind1="1" ind2=" " tag="700"><subfield code="a">Vallieres, M</subfield><subfield code="e">Ed</subfield></datafield><datafield ind1=" " ind2=" " tag="852"><subfield code="a">72246</subfield><subfield code="c">539.12</subfield></datafield><datafield ind1=" " ind2=" " tag="CAT"><subfield code="a">Sys</subfield><subfield code="c">20120404</subfield><subfield code="h">163027</subfield></datafield></record></collection>